<record><leader>00000cas a22000007a 4500</leader><controlfield tag="001">44110814</controlfield><controlfield tag="006">m     o  d        </controlfield><controlfield tag="007">cr cn|||||||||</controlfield><controlfield tag="008">000524c19uu9999caudr nso     0   a0eng c</controlfield><datafield ind1=" " ind2=" " tag="010"><subfield code="a">   00215253 </subfield></datafield><datafield ind1=" " ind2=" " tag="040"><subfield code="a">NSD</subfield><subfield code="b">eng</subfield><subfield code="c">NSD</subfield><subfield code="d">OCLCQ</subfield></datafield><datafield ind1=" " ind2=" " tag="012"><subfield code="l">1</subfield></datafield><datafield ind1="1" ind2=" " tag="022"><subfield code="a">1530-3268</subfield><subfield code="l">1530-3268</subfield><subfield code="2">1</subfield></datafield><datafield ind1=" " ind2=" " tag="037"><subfield code="b">Web Portal Design Corporation, 655 Minnewawa, Lock Box 2144, Clovis, CA 93613</subfield><subfield code="c">$7.50 Monthly</subfield></datafield><datafield ind1=" " ind2=" " tag="042"><subfield code="a">nsdp</subfield><subfield code="a">pcc</subfield></datafield><datafield ind1=" " ind2="4" tag="222"><subfield code="a">The Clovis Station free press</subfield></datafield><datafield ind1="0" ind2="4" tag="245"><subfield code="a">The Clovis Station free press</subfield><subfield code="h">[electronic resource].</subfield></datafield><datafield ind1="3" ind2="0" tag="246"><subfield code="a">Free press</subfield></datafield><datafield ind1="1" ind2="3" tag="246"><subfield code="a">Clovis free press</subfield></datafield><datafield ind1=" " ind2=" " tag="260"><subfield code="a">Clovis, CA :</subfield><subfield code="b">Valley Press Media</subfield></datafield><datafield ind1=" " ind2=" " tag="310"><subfield code="a">Daily</subfield></datafield><datafield ind1=" " ind2=" " tag="538"><subfield code="a">Mode of access: World Wide Web.</subfield></datafield><datafield ind1=" " ind2=" " tag="588"><subfield code="a">Description based on: Vol. 17, no. 21 (May 24, 2000); title from front page.</subfield></datafield><datafield ind1=" " ind2=" " tag="752"><subfield code="a">United States</subfield><subfield code="b">California</subfield><subfield code="c">Fresno</subfield><subfield code="d">Clovis.</subfield></datafield><datafield ind1="0" ind2="2" tag="856"><subfield code="u">mailto:editor@clovisnews.com</subfield></datafield><datafield ind1="4" ind2="0" tag="856"><subfield code="u">http://www.clovisnews.com</subfield></datafield><datafield ind1="1" ind2=" " tag="029"><subfield code="a">AU@</subfield><subfield code="b">000021574905</subfield></datafield></record>